
@article{drechsler2020state,
  title = {State-dependent motional squeezing of a trapped ion: Proposed method and applications},
  author = {Drechsler, Mart\'{\i}n and Bel\'en Far\'{\i}as, M. and Freitas, Nahuel and Schmiegelow, Christian T. and Paz, Juan Pablo},
  journal = {Phys. Rev. A},
  volume = {101},
  issue = {5},
  pages = {052331},
  numpages = {4},
  year = {2020},
  month = {May},
  publisher = {American Physical Society},
  doi = {10.1103/PhysRevA.101.052331},
  url = {https://link.aps.org/doi/10.1103/PhysRevA.101.052331}
}
@article{morton2003atomic,
	title = {Atomic {Data} for {Resonance} {Absorption} {Lines}. {III}. {WavelengthsLongward} of the {Lyman} {Limit} for the {Elements} {Hydrogen} {toGallium}},
	volume = {149},
	issn = {0067-0049},
	url = {https://iopscience.iop.org/article/10.1086/377639/meta},
	doi = {10.1086/377639},
	language = {en},
	number = {1},
	urldate = {2025-06-06},
	journal = {ApJS},
	author = {Morton, Donald C.},
	month = nov,
	year = {2003},
	pages = {205},
	file = {Full Text PDF:C\:\\Users\\webbd\\Zotero\\storage\\SZ6YHIHN\\Morton - 2003 - Atomic Data for Resonance Absorption Lines. III. W.pdf:application/pdf},
}
@article{turchette2000decoherence,
	title = {Decoherence and decay of motional quantum states of a trapped atom coupled to engineered reservoirs},
	volume = {62},
	issn = {1050-2947, 1094-1622},
	url = {https://link.aps.org/doi/10.1103/PhysRevA.62.053807},
	doi = {10.1103/PhysRevA.62.053807},
	language = {en},
	number = {5},
	urldate = {2024-02-05},
	journal = {Phys. Rev. A},
	author = {Turchette, Q. A. and Myatt, C. J. and King, B. E. and Sackett, C. A. and Kielpinski, D. and Itano, W. M. and Monroe, C. and Wineland, D. J.},
	month = oct,
	year = {2000},
	pages = {053807},
	file = {Turchette et al. - 2000 - Decoherence and decay of motional quantum states o.pdf:C\:\\Users\\webbd\\Zotero\\storage\\CJBUZZLU\\Turchette et al. - 2000 - Decoherence and decay of motional quantum states o.pdf:application/pdf},
}


@article{stopp2022coherent,
  title = {Coherent Transfer of Transverse Optical Momentum to the Motion of a Single Trapped Ion},
  author = {Stopp, Felix and Verde, Maurizio and Katz, Milton and Drechsler, Martin and Schmiegelow, Christian T. and Schmidt-Kaler, Ferdinand},
  journal = {Phys. Rev. Lett.},
  volume = {129},
  issue = {26},
  pages = {263603},
  numpages = {6},
  year = {2022},
  month = {Dec},
  publisher = {American Physical Society},
  doi = {10.1103/PhysRevLett.129.263603},
  url = {https://link.aps.org/doi/10.1103/PhysRevLett.129.263603}
}

@article{schafer2018fast,
abstract = {Fast and high-fidelity two-qubit logic gates are demonstrated by using amplitude-shaped laser pulses to ensure that the gate operation is insensitive to the optical phase of the pulses.},
author = {Sch{\"{a}}fer, V M and Ballance, C J and Thirumalai, K and Stephenson, L J and Ballance, T G and Steane, A M and Lucas, D M},
doi = {10.1038/nature25737},
issn = {1476-4687},
journal = {Nature},
mendeley-groups = {general papers dphil},
number = {7694},
pages = {75--78},
title = {Fast quantum logic gates with trapped-ion qubits},
url = {https://doi.org/10.1038/nature25737},
volume = {555},
year = {2018}
}
@article{Menicucci_2010,
author = {Menicucci, Nicolas C. and Olson, S. Jay and Milburn, Gerard J.},
doi = {10.1088/1367-2630/12/9/095019},
file = {:C\:/Users/sanar/Downloads/Menicucci_2010_New_J._Phys._12_095019.pdf:pdf},
issn = {13672630},
journal = {New J. Phys.},
mendeley-groups = {general papers dphil},
month = {sep},
number = {9},
pages = {95019},
title = {{Simulating quantum effects of cosmological expansion using a static ion trap}},
url = {https://dx.doi.org/10.1088/1367-2630/12/9/095019},
volume = {12},
year = {2010}
}
@article{palermo2017fast,
author = {Palmero, M and Mart\'{i}nez-Garaot, S and Leibfried, D and Wineland, D J and Muga, J G},
doi = {10.1103/PhysRevA.95.022328},
file = {:C\:/Users/sanar/Downloads/PhysRevA.95.022328.pdf:pdf},
journal = {Phys. Rev. A},
mendeley-groups = {general papers dphil},
month = {feb},
number = {2},
pages = {22328},
publisher = {American Physical Society},
title = {{Fast phase gates with trapped ions}},
url = {https://link.aps.org/doi/10.1103/PhysRevA.95.022328},
volume = {95},
year = {2017}
}
@article{mundt2002coupling,
author = {Mundt, A. B. and Kreuter, A. and Becher, C. and Leibfried, D. and Eschner, J. and Schmidt-Kaler, F. and Blatt, R.},
doi = {10.1103/PhysRevLett.89.103001},
file = {:C\:/Users/sanar/Downloads/PhysRevLett.89.103001.pdf:pdf},
issn = {10797114},
journal = {Phys. Rev. Lett.},
mendeley-groups = {general papers dphil},
month = {aug},
number = {10},
pages = {103001},
primaryClass = {quant-ph},
publisher = {American Physical Society},
title = {{Coupling a Single Atomic Quantum Bit to a High Finesse Optical Cavity}},
url = {https://link.aps.org/doi/10.1103/PhysRevLett.89.103001},
volume = {89},
year = {2002}
}
@article{schmiegelow2016phasestable,
author = {Schmiegelow, C T and Kaufmann, H and Ruster, T and Schulz, J and Kaushal, V and Hettrich, M and Schmidt-Kaler, F and Poschinger, U G},
doi = {10.1103/PhysRevLett.116.033002},
file = {:C\:/Users/sanar/Downloads/PhysRevLett.116.033002.pdf:pdf},
journal = {Phys. Rev. Lett.},
mendeley-groups = {general papers dphil},
month = {jan},
number = {3},
pages = {33002},
publisher = {American Physical Society},
title = {{Phase-Stable Free-Space Optical Lattices for Trapped Ions}},
url = {https://link.aps.org/doi/10.1103/PhysRevLett.116.033002},
volume = {116},
year = {2016}
}

@article{delaubenfels2015modulating,
author = {DeLaubenfels, Thomas E and Burkhardt, Karl A and Vittorini, Grahame and Merrill, J True and Brown, Kenneth R and Amini, Jason M},
doi = {10.1103/PhysRevA.92.061402},
file = {:C\:/Users/sanar/Downloads/PhysRevA.92.061402.pdf:pdf},
journal = {Phys. Rev. A},
mendeley-groups = {general papers dphil},
number = {6},
pages = {61402},
publisher = {American Physical Society},
title = {{Modulating carrier and sideband coupling strengths in a standing-wave gate beam}},
url = {https://link.aps.org/doi/10.1103/PhysRevA.92.061402},
volume = {92},
year = {2015}
}
@article{vanRynbach2016integrated,
author = {{Van Rynbach}, Andre and Maunz, Peter and Kim, Jungsang},
doi = {10.1063/1.4970542},
file = {:C\:/Users/sanar/Downloads/1.4970542.pdf:pdf},
journal = {Appl. Phys. Lett.},
mendeley-groups = {general papers dphil},
number = {22},
pages = {221108},
title = {{An integrated mirror and surface ion trap with a tunable trap location}},
url = {https://doi.org/10.1063/1.4970542},
volume = {109},
year = {2016}
}

@article{enderlein2012single,
author = {Enderlein, Martin and Huber, Thomas and Schneider, Christian and Schaetz, Tobias},
doi = {10.1103/PhysRevLett.109.233004},
file = {:C\:/Users/sanar/Downloads/PhysRevLett.109.233004.pdf:pdf},
journal = {Phys. Rev. Lett.},
mendeley-groups = {general papers dphil},
number = {23},
pages = {233004},
publisher = {American Physical Society},
title = {{Single Ions Trapped in a One-Dimensional Optical Lattice}},
url = {https://link.aps.org/doi/10.1103/PhysRevLett.109.233004},
volume = {109},
year = {2012}
}
@article{vasquez2022control,
  title = {Control of an Atomic Quadrupole Transition in a Phase-Stable Standing Wave},
  author = {Vasquez, Alfredo Ricci and Mordini, Carmelo and Verni\`ere, Chlo\'e and Stadler, Martin and Malinowski, Maciej and Zhang, Chi and Kienzler, Daniel and Mehta, Karan K. and Home, Jonathan P.},
  journal = {Phys. Rev. Lett.},
  volume = {130},
  issue = {13},
  pages = {133201},
  numpages = {6},
  year = {2023},
  month = {Mar},
  publisher = {American Physical Society},
  doi = {10.1103/PhysRevLett.130.133201},
  url = {https://link.aps.org/doi/10.1103/PhysRevLett.130.133201}
}

@article{Gangloff2015velocity,
author = {Gangloff, Dorian and Bylinskii, Alexei and Counts, Ian and Jhe, Wonho and Vuleti{\'{c}}, Vladan},
doi = {10.1038/nphys3459},
file = {:C\:/Users/sanar/Downloads/nphys3459.pdf:pdf},
issn = {1745-2481},
journal = {Nat. Phys.},
mendeley-groups = {general papers dphil},
number = {11},
pages = {915--919},
title = {{Velocity tuning of friction with two trapped atoms}},
url = {https://doi.org/10.1038/nphys3459},
volume = {11},
year = {2015}
}
@article{Steane2014pulsed,
author = {Steane, A M and Imreh, G and Home, J P and Leibfried, D},
doi = {10.1088/1367-2630/16/5/053049},
journal = {New J. Phys.},
number = {5},
pages = {53049},
publisher = {IOP Publishing},
url = {https://dx.doi.org/10.1088/1367-2630/16/5/053049},
volume = {16},
year = {2014}
}
@article{steane2000speed,
	title = {Speed of ion-trap quantum-information processors},
	volume = {62},
	issn = {1050-2947, 1094-1622},
	url = {https://link.aps.org/doi/10.1103/PhysRevA.62.042305},
	doi = {10.1103/PhysRevA.62.042305},
	number = {4},
	journal = {Phys. Rev. A},
	author = {Steane, A. and Roos, C. F. and Stevens, D. and Mundt, A. and Leibfried, D. and Schmidt-Kaler, F. and Blatt, R.},
	year = {2000},
	pages = {042305},
	file = {Steane et al. - 2000 - Speed of ion-trap quantum-information processors.pdf:C\:\\Users\\webbd\\Zotero\\storage\\XFZYZJ2E\\Steane et al. - 2000 - Speed of ion-trap quantum-information processors.pdf:application/pdf},
}
@article{steane2003overhead,
	title = {Overhead and noise threshold of fault-tolerant quantum error correction},
	volume = {68},
	issn = {1050-2947},
	url = {https://journals.aps.org/pra/abstract/10.1103/PhysRevA.68.042322},
	doi = {10.1103/PhysRevA.68.042322},
	number = {4},
	journal = {Phys. Rev. A},
	author = {Steane, A. M.},
	year = {2003},
	pages = {042322},
	file = {Submitted Version:C\:\\Users\\webbd\\Zotero\\storage\\JN2Y87CG\\Steane - 2003 - Overhead and noise threshold of fault-tolerant qua.pdf:application/pdf},
}
@article{bazavan2024squeezing,
	title = {Squeezing, trisqueezing, and quadsqueezing in a spin-oscillator system},
	url = {http://arxiv.org/abs/2403.05471},
	publisher = {arXiv},
	author = {Băzăvan, O. and Saner, S. and Webb, D. J. and Ainley, E. M. and Drmota, P. and Nadlinger, D. P. and Araneda, G. and Lucas, D. M. and Ballance, C. J. and Srinivas, R.},
	year = {2024},
	file = {2403.05471.pdf:C\:\\Users\\webbd\\Zotero\\storage\\83HGYRLS\\2403.05471.pdf:application/pdf},
}
@article{varona2024towards,
	title = {Towards quantum computing {Feynman} diagrams in hybrid qubit-oscillator devices},
	url = {http://arxiv.org/abs/2411.05092},
	doi = {10.48550/arXiv.2411.05092},
	publisher = {arXiv},
	author = {Varona, S. and Saner, S. and Băzăvan, O. and Araneda, G. and Aarts, G. and Bermudez, A.},
	year = {2024},
	file = {Preprint PDF:C\:\\Users\\webbd\\Zotero\\storage\\RTRH3C7D\\Varona et al. - 2024 - Towards quantum computing Feynman diagrams in hybr.pdf:application/pdf;Snapshot:C\:\\Users\\webbd\\Zotero\\storage\\TD8MUQ2Y\\2411.html:text/html},
}
@article{barton2000measurement,
	title = {Measurement of the lifetime of the 3d$^2D_{5/2}$ state in $^{40}\text{Ca}^{+}$},
  journal = {Phys. Rev. A},
	author = {Barton, P A and Donald, C J S and Lucas, D M and Stevens, D A and Steane, A M and Stacey, D N},
  year = {2000},
	file = {Barton et al. - Measurement of the lifetime of the 3d 2D5Õ2 state .pdf:C\:\\Users\\webbd\\Zotero\\storage\\AMDGYUJF\\Barton et al. - Measurement of the lifetime of the 3d 2D5Õ2 state .pdf:application/pdf},
}
@phdthesis{burd2020squeezing,
	title = {Squeezing and ampliﬁcation of trapped-ion motion},
	language = {en},
	author = {Burd, Shaun C},
	school = {University of Colorado at Boulder},
	year = {2020},
	file = {Burd - Squeezing and ampliﬁcation of trapped-ion motion.pdf:C\:\\Users\\webbd\\Zotero\\storage\\BADHF7U8\\Burd - Squeezing and ampliﬁcation of trapped-ion motion.pdf:application/pdf},
}
@phdthesis{hughes2021benchmarking,
	type = {http://purl.org/dc/dcmitype/{Text}},
	title = {Benchmarking memory and logic gates for trapped-ion quantum computing},
	url = {https://ora.ox.ac.uk/objects/uuid:3fdb0b98-3c50-483c-b66e-132495ce71af},
	language = {English},
	school = {University of Oxford},
	author = {Hughes, A. C.},
	year = {2021},
	file = {Full Text PDF:C\:\\Users\\webbd\\Zotero\\storage\\IFJ84BMX\\ach_thesis.pdf:application/pdf},
}
@misc{sotirova2024high-fidelity,
	title = {High-fidelity heralded quantum state preparation and measurement},
	url = {http://arxiv.org/abs/2409.05805},
	doi = {10.48550/arXiv.2409.05805},
	publisher = {arXiv},
	author = {Sotirova, A. S. and Leppard, J. D. and Vazquez-Brennan, A. and Decoppet, S. M. and Pokorny, F. and Malinowski, M. and Ballance, C. J.},
	year = {2024},
	keywords = {Quantum Physics, Physics - Atomic Physics},
	file = {Preprint PDF:C\:\\Users\\webbd\\Zotero\\storage\\JAIFRSLD\\Sotirova et al. - 2024 - High-fidelity heralded quantum state preparation a.pdf:application/pdf;Snapshot:C\:\\Users\\webbd\\Zotero\\storage\\6W4SHC4M\\2409.html:text/html},
}
@misc{brenner2024factoring,
	title = {Factoring an integer with three oscillators and a qubit},
	url = {http://arxiv.org/abs/2412.13164},
	doi = {10.48550/arXiv.2412.13164},
	publisher = {arXiv},
	author = {Brenner, Lukas and Caha, Libor and Coiteux-Roy, Xavier and Koenig, Robert},
	year = {2024},
	file = {Brenner et al. - 2024 - Factoring an integer with three oscillators and a .pdf:C\:\\Users\\webbd\\Zotero\\storage\\22NNLP7Q\\Brenner et al. - 2024 - Factoring an integer with three oscillators and a .pdf:application/pdf},
}
@article{chen2021quantum,
	title = {Quantum computation and simulation with vibrational modes of trapped ions},
	volume = {30},
	issn = {1674-1056},
	url = {https://dx.doi.org/10.1088/1674-1056/ac01e3},
	doi = {10.1088/1674-1056/ac01e3},
	number = {6},
	journal = {Chinese Phys. B},
	author = {Chen, Wentao and Gan, Jaren and Zhang, Jing-Ning and Matuskevich, Dzmitry and Kim, Kihwan},
	month = jun,
	year = {2021},
	pages = {060311},
	file = {IOP Full Text PDF:C\:\\Users\\webbd\\Zotero\\storage\\AL9MPL2X\\Chen et al. - 2021 - Quantum computation and simulation with vibrationa.pdf:application/pdf},
}
@article{Pruttivarasin2011trapped,
author = {Pruttivarasin, Thaned and Ramm, Michael and Talukdar, Ishan and Kreuter, Axel and H{\"{a}}ffner, Hartmut},
doi = {10.1088/1367-2630/13/7/075012},
journal = {New J. Phys.},
mendeley-groups = {general papers dphil},
month = {jul},
number = {7},
pages = {75012},
title = {{Trapped ions in optical lattices for probing oscillator chain models}},
url = {https://dx.doi.org/10.1088/1367-2630/13/7/075012},
volume = {13},
year = {2011}
}
@article{bylinskii2015tuning,
author = {Bylinskii, Alexei and Gangloff, Dorian and Vuleti{\'{c}}, Vladan},
doi = {10.1126/science.1261422},
journal = {Science},
mendeley-groups = {general papers dphil},
number = {6239},
pages = {1115--1118},
title = {{Tuning friction atom-by-atom in an ion-crystal simulator}},
url = {https://www.science.org/doi/abs/10.1126/science.1261422},
volume = {348},
year = {2015}
}
@article{roos2008ion,
doi = {10.1088/1367-2630/10/1/013002},
url = {https://dx.doi.org/10.1088/1367-2630/10/1/013002},
year = {2008},
month = {jan},
publisher = {},
volume = {10},
number = {1},
pages = {013002},
author = {Christian F Roos},
title = {Ion trap quantum gates with amplitude-modulated laser beams},
journal = {New J. Phys.},
}
@article{Bazavan2022synthesizing,
  title = {Synthesizing a ${\stackrel{\ifmmode \hat{}\else \^{}\fi{}}{\ensuremath{\sigma}}}_{z}$ spin-dependent force for optical, metastable, and ground-state trapped-ion qubits},
  author = {B\ifmmode \u{a}\else \u{a}\fi{}z\ifmmode \u{a}\else \u{a}\fi{}van, O. and Saner, S. and Minder, M. and Hughes, A. C. and Sutherland, R. T. and Lucas, D. M. and Srinivas, R. and Ballance, C. J.},
  journal = {Phys. Rev. A},
  volume = {107},
  issue = {2},
  pages = {022617},
  numpages = {7},
  year = {2023},
  month = {Feb},
  publisher = {American Physical Society},
  doi = {10.1103/PhysRevA.107.022617},
  url = {https://link.aps.org/doi/10.1103/PhysRevA.107.022617}
}

@article{sutherland2019versatile,
  title={Versatile laser-free trapped-ion entangling gates},
  doi={10.1088/1367-2630/ab0be5},
  url={https://iopscience.iop.org/article/10.1088/1367-2630/10/1/013002/meta},
  author={Sutherland, RT and Srinivas, Raghavendra and Burd, Shaun C and Leibfried, Dietrich and Wilson, Andrew C and Wineland, David J and Allcock, DTC and Slichter, DH and Libby, SB},
  journal={New J. Phys.},
  volume={21},
  number={3},
  pages={033033},
  year={2019},
  publisher={IOP Publishing}
}
@article{retzker2005detecting,
  title = {Detecting Vacuum Entanglement in a Linear Ion Trap},
  author = {Retzker, A. and Cirac, J. I. and Reznik, B.},
  journal = {Phys. Rev. Lett.},
  volume = {94},
  issue = {5},
  pages = {050504},
  numpages = {4},
  year = {2005},
  month = {Feb},
  publisher = {American Physical Society},
  doi = {10.1103/PhysRevLett.94.050504},
  url = {https://link.aps.org/doi/10.1103/PhysRevLett.94.050504}
}
@article{reznik2005violating,
  title = {Violating Bell's inequalities in vacuum},
  author = {Reznik, Benni and Retzker, Alex and Silman, Jonathan},
  journal = {Phys. Rev. A},
  volume = {71},
  issue = {4},
  pages = {042104},
  numpages = {4},
  year = {2005},
  month = {Apr},
  publisher = {American Physical Society},
  doi = {10.1103/PhysRevA.71.042104},
  url = {https://link.aps.org/doi/10.1103/PhysRevA.71.042104}
}
@incollection{grimm2000optical,
title = {Optical Dipole Traps for Neutral Atoms},
editor = {Benjamin Bederson and Herbert Walther},
series = {Advances In Atomic, Molecular, and Optical Physics},
publisher = {Academic Press},
volume = {42},
pages = {95-170},
year = {2000},
issn = {1049-250X},
doi = {https://doi.org/10.1016/S1049-250X(08)60186-X},
url = {https://www.sciencedirect.com/science/article/pii/S1049250X0860186X},
author = {Rudolf Grimm and Matthias Weidemüller and Yurii B. Ovchinnikov},
}
@misc{supplementary,
  note={See Supplemental Material for additional steps in the derivation of the equations presented in the text and for experimental details.},
}
@article{yudin2010hyper,
  title = {Hyper-Ramsey spectroscopy of optical clock transitions},
  author = {Yudin, V. I. and Taichenachev, A. V. and Oates, C. W. and Barber, Z. W. and Lemke, N. D. and Ludlow, A. D. and Sterr, U. and Lisdat, Ch. and Riehle, F.},
  journal = {Phys. Rev. A},
  volume = {82},
  issue = {1},
  pages = {011804},
  numpages = {4},
  year = {2010},
  month = {Jul},
  publisher = {American Physical Society},
  doi = {10.1103/PhysRevA.82.011804},
  url = {https://link.aps.org/doi/10.1103/PhysRevA.82.011804}
}
@article{Kielpinski2002architecture,
author = {Kielpinski, D and Monroe, C and Wineland, D J},
doi = {10.1038/nature00784},
issn = {1476-4687},
journal = {Nature},
mendeley-groups = {general papers dphil},
number = {6890},
pages = {709--711},
title = {{Architecture for a large-scale ion-trap quantum computer}},
url = {https://doi.org/10.1038/nature00784},
volume = {417},
year = {2002}
}
@article{wineland1998experimental,
  title={Experimental issues in coherent quantum-state manipulation of trapped atomic ions},
  author={Wineland, David J and Monroe, Christopher and Itano, Wayne M and Leibfried, Dietrich and King, Brian E and Meekhof, Dawn M},
	Date-Modified = {2018-05-23 18:00:44 +0000},
	Doi = {10.6028/jres.103.019},
	Isbn = {1044-677X},
	Issn = {1044677X},
	Journal = {J. Res. Natl. Inst. Stand. Technol.},
	Keywords = {coherent control,computation,entangled,ions,laser cooling and trapping,quantum,quantum state engineering,states},
	Mendeley-Tags = {ions},
	Number = {3},
	Pages = {259--328},
	Title = {{Experimental Issues in Coherent Quantum-State Manipulation of Trapped Atomic Ions}},
	Volume = {103},
	Year = {1998}}
@article{blatt2008entangled,
	Abstract = {To process information using quantum-mechanical principles, the states of individual particles need to be entangled and manipulated. One way to do this is to use trapped, laser-cooled atomic ions. Attaining a general-purpose quantum computer is, however, a distant goal, but recent experiments show that just a few entangled trapped ions can be used to improve the precision of measurements. If the entanglement in such systems can be scaled up to larger numbers of ions, simulations that are intractable on a classical computer might become possible.},
	Author = {Blatt, Rainer and Wineland, David},
	Date-Modified = {2018-09-24 14:45:18 -0600},
	Doi = {10.1038/nature07125},
	Issn = {0028-0836},
	Journal = {Nature},
	Pages = {1008--1015},
	Pmid = {18563151},
	Title = {Entangled states of trapped atomic ions},
	Volume = {453},
	Year = {2008}}
@article{sorensen2000entanglement,
  title = {Entanglement and quantum computation with ions in thermal motion},
  author = {S\o{}rensen, Anders and M\o{}lmer, Klaus},
  journal = {Phys. Rev. A},
  volume = {62},
  issue = {2},
  pages = {022311},
  numpages = {11},
  year = {2000},
  month = {Jul},
  publisher = {American Physical Society},
  doi = {10.1103/PhysRevA.62.022311},
  url = {https://link.aps.org/doi/10.1103/PhysRevA.62.022311}
}
@article{cirac1995quantum,
  title={{Quantum Computations with Cold Trapped Ions}},
  author={Cirac, Juan I and Zoller, Peter},
  journal={Phys. Rev. Lett.},
  volume={74},
  number={20},
  pages={4091},
  year={1995},
  publisher={APS},
  Doi = {https://doi.org/10.1103/PhysRevLett.74.4091}
}
@article{monroe1995demonstration,
	Author = {Monroe, Chris and Meekhof, D M and King, B E and Itano, Wayne M and Wineland, David J},
	Journal = {Phys. Rev. Lett.},
	Number = {25},
	Pages = {4714},
	Publisher = {APS},
	Title = {{Demonstration of a Fundamental Quantum Logic Gate}},
	doi = {10.1103/PhysRevLett.75.4714},
	Volume = {75},
	Year = {1995}}

@phdthesis{thirumalai2019high,
author = {Thirumalai, Keshav},
mendeley-groups = {books},
school = {University of Oxford},
title = {{High-fidelity mixed species entanglement of trapped ions}},
year = {2019}, 
url={https://ora.ox.ac.uk/objects/uuid:74631d0e-2873-43c4-8f9a-d7ec470e2170}
}

@article{blatt2012quantum,
	Author = {Blatt, Rainer and Roos, Christian F},
	Journal = {Nat. Phys.},
	Number = {4},
	Pages = {277},
	Publisher = {Nature Publishing Group},
	Title = {Quantum simulations with trapped ions},
	Volume = {8},
	doi = {10.1038/nphys2252},
	Year = {2012}
	}
@article{james1998quantum,
	title = {Quantum dynamics of cold trapped ions with application to quantum computation},
	volume = {66},
	issn = {0946-2171, 1432-0649},
	url = {http://link.springer.com/10.1007/s003400050373},
	doi = {10.1007/s003400050373},
	number = {2},
	urldate = {2024-10-08},
	journal = {Applied Physics B: Lasers and Optics},
	author = {James, D.F.V.},
	year = {1998},
	pages = {181--190},
	file = {James - 1998 - Quantum dynamics of cold trapped ions with applica.pdf:C\:\\Users\\webbd\\Zotero\\storage\\GKLD4AVI\\James - 1998 - Quantum dynamics of cold trapped ions with applica.pdf:application/pdf},
}
 @article{schmidt2005spectroscopy,
  title={Spectroscopy using quantum logic},
  author={Schmidt, P Oetal and Rosenband, Till and Langer, C and Itano, Wayne M and Bergquist, James C and Wineland, David J},
  journal={Science},
  volume={309},
  number={5735},
  pages={749--752},
  year={2005},
  Doi = {10.1126/science.1114375},
  publisher={American Association for the Advancement of Science}
}

@article{wolf2016non,
  title={Non-destructive state detection for quantum logic spectroscopy of molecular ions},
  author={Wolf, Fabian and Wan, Yong and Heip, Jan C and Gebert, Florian and Shi, Chunyan and Schmidt, Piet O},
  journal={Nature},
  volume={530},
  number={7591},
  pages={457--460},
  year={2016},
  publisher={Nature Publishing Group},
  Doi = {https://doi.org/10.1038/nature16513},
}

@phdthesis{schafer2018fastthesis,
  title={Fast gates and mixed-species entanglement with trapped ions},
  author={Sch{\"a}fer, Vera},
  year={2018},
  school={University of Oxford},
  url={https://ora.ox.ac.uk/objects/uuid:65fddd29-ff17-49aa-85f1-13347839d73d}
}

@article{ozeri2011tutorial,
	title = {Tutorial: {The} trapped-ion qubit toolbox},
	volume = {52},
	issn = {0010-7514, 1366-5812},
	url = {http://arxiv.org/abs/1106.1190},
	doi = {10.1080/00107514.2011.603578},
	number = {6},
	urldate = {2023-03-02},
	journal = {Contemporary Physics},
	author = {Ozeri, Roee},
	year = {2011},
	pages = {531--550},
	file = {Ozeri - 2011 - Tutorial The trapped-ion qubit toolbox.pdf:C\:\\Users\\webbd\\Zotero\\storage\\UUWEU7NB\\Ozeri - 2011 - Tutorial The trapped-ion qubit toolbox.pdf:application/pdf},
}
@article{roos2000experimental,
	title = {Experimental {Demonstration} of {Ground} {State} {Laser} {Cooling} with {Electromagnetically} {Induced} {Transparency}},
	volume = {85},
	issn = {0031-9007, 1079-7114},
	url = {https://link.aps.org/doi/10.1103/PhysRevLett.85.5547},
	doi = {10.1103/PhysRevLett.85.5547},
	language = {en},
	number = {26},
	urldate = {2024-03-12},
	journal = {Phys. Rev. Lett.},
	author = {Roos, C. F. and Leibfried, D. and Mundt, A. and Schmidt-Kaler, F. and Eschner, J. and Blatt, R.},
	month = dec,
	year = {2000},
	pages = {5547--5550},
	file = {Roos et al. - 2000 - Experimental Demonstration of Ground State Laser C.pdf:C\:\\Users\\webbd\\Zotero\\storage\\F7WXLK3L\\Roos et al. - 2000 - Experimental Demonstration of Ground State Laser C.pdf:application/pdf},
}
@article{wineland1979laser,
	title = {Laser cooling of atoms},
	volume = {20},
	issn = {0556-2791},
	url = {https://link.aps.org/doi/10.1103/PhysRevA.20.1521},
	doi = {10.1103/PhysRevA.20.1521},
	language = {en},
	number = {4},
	urldate = {2022-12-29},
	journal = {Phys. Rev. A},
	author = {Wineland, D. J. and Itano, Wayne M.},
	month = oct,
	year = {1979},
	pages = {1521--1540},
	file = {Wineland and Itano - 1979 - Laser cooling of atoms.pdf:C\:\\Users\\webbd\\Zotero\\storage\\7WX5X6AY\\Wineland and Itano - 1979 - Laser cooling of atoms.pdf:application/pdf},
}
@article{ramm2013precision,
	title = {Precision {Measurement} {Method} for {Branching} {Fractions} of {Excited} \$\{{P}\}\_\{1/2\}\$ {States} {Applied} to \${\textasciicircum}\{40\}{\textbackslash}mathrm\{{Ca}\}{\textasciicircum}\{{\textbackslash}mathbf\{+\}\}\$},
	volume = {111},
	url = {https://link.aps.org/doi/10.1103/PhysRevLett.111.023004},
	doi = {10.1103/PhysRevLett.111.023004},
	number = {2},
	urldate = {2025-05-31},
	journal = {Phys. Rev. Lett.},
	author = {Ramm, Michael and Pruttivarasin, Thaned and Kokish, Mark and Talukdar, Ishan and Häffner, Hartmut},
	month = jul,
	year = {2013},
	pages = {023004},
	file = {APS Snapshot:C\:\\Users\\webbd\\Zotero\\storage\\2C546LZL\\PhysRevLett.111.html:text/html;Full Text PDF:C\:\\Users\\webbd\\Zotero\\storage\\B83FAMDG\\Ramm et al. - 2013 - Precision Measurement Method for Branching Fractio.pdf:application/pdf},
}

@article{knill2008randomized,
  title = {Randomized benchmarking of quantum gates},
  author = {Knill, E. and Leibfried, D. and Reichle, R. and Britton, J. and Blakestad, R. B. and Jost, J. D. and Langer, C. and Ozeri, R. and Seidelin, S. and Wineland, D. J.},
  journal = {Phys. Rev. A},
  volume = {77},
  issue = {1},
  pages = {012307},
  numpages = {7},
  year = {2008},
  month = {Jan},
  publisher = {American Physical Society},
  doi = {10.1103/PhysRevA.77.012307},
  url = {https://link.aps.org/doi/10.1103/PhysRevA.77.012307}
}
@article{wang2011laser,
author = {Wang, Shannon X and {Hao Low}, Guang and Lachenmyer, Nathan S and Ge, Yufei and Herskind, Peter F and Chuang, Isaac L},
file = {:C\:/Users/sanar/Downloads/1.3662118.pdf:pdf},
journal = {J. Appl. Phys.},
mendeley-groups = {general papers dphil/CANZZ},
number = {10},
pages = {104901},
publisher = {American Institute of Physics},
title = {{Laser-induced charging of microfabricated ion traps}},
volume = {110},
year = {2011},
doi={https://doi.org/10.1063/1.3662118}
}
@article{Mehta2020,
author = {Mehta, Karan K and Zhang, Chi and Malinowski, Maciej and Nguyen, Thanh-Long and Stadler, Martin and Home, Jonathan P},
doi = {10.1038/s41586-020-2823-6},
file = {:C\:/Users/sanar/Downloads/s41586-020-2823-6.pdf:pdf},
issn = {1476-4687},
journal = {Nature},
mendeley-groups = {general papers dphil/CANZZ},
number = {7830},
pages = {533--537},
title = {{Integrated optical multi-ion quantum logic}},
url = {https://doi.org/10.1038/s41586-020-2823-6},
volume = {586},
year = {2020}
}
@article{niffenegger2020integrated,
author = {Niffenegger, R. J. and Stuart, J. and Sorace-Agaskar, C. and Kharas, D. and Bramhavar, S. and Bruzewicz, C. D. and Loh, W. and Maxson, R. T. and McConnell, R. and Reens, D. and West, G. N. and Sage, J. M. and Chiaverini, J.},
doi = {10.1038/s41586-020-2811-x},
issn = {14764687},
journal = {Nature},
mendeley-groups = {general papers dphil/CANZZ},
number = {7830},
pages = {538--542},
pmid = {33087912},
publisher = {Nature Publishing Group},
title = {{Integrated multi-wavelength control of an ion qubit}},
volume = {586},
year = {2020}
}

@article{jaksch2005cold,
title = {The cold atom Hubbard toolbox},
journal = {Ann. Phys.},
volume = {315},
number = {1},
pages = {52-79},
year = {2005},
note = {Special Issue},
issn = {0003-4916},
doi = {https://doi.org/10.1016/j.aop.2004.09.010},
url = {https://www.sciencedirect.com/science/article/pii/S0003491604001782},
author = {D. Jaksch and P. Zoller},
keywords = {03.75.−b, 32.80.Pj, 32.80.Qk, 03.67.Lx, Cold atom, Optical lattice, Hubbard model, Quantum computing, Atomic quantum dot},
}

@inproceedings{mehta2019towards,
author = {Karan K. Mehta and Chi Zhang and Stefanie Miller and Jonathan P. Home},
title = {{Towards fast and scalable trapped-ion quantum logic with integrated photonics}},
volume = {10933},
booktitle = {Proc. SPIE},
pages = {109330B},
keywords = {integrated photonics, quantum computation, trapped ions, grating couplers},
year = {2019},
doi = {10.1117/12.2507647},
URL = {https://doi.org/10.1117/12.2507647}
}
@article{drechsler2021optical,
  title = {Optical Superresolution Sensing of a Trapped Ion's Wave Packet Size},
  author = {Drechsler, Mart\'{\i}n and Wolf, Sebastian and Schmiegelow, Christian T. and Schmidt-Kaler, Ferdinand},
  journal = {Phys. Rev. Lett.},
  volume = {127},
  issue = {14},
  pages = {143602},
  numpages = {5},
  year = {2021},
  month = {Sep},
  publisher = {American Physical Society},
  doi = {10.1103/PhysRevLett.127.143602},
  url = {https://link.aps.org/doi/10.1103/PhysRevLett.127.143602}
}
@article{qian2021super,
  title = {Super-resolved Imaging of a Single Cold Atom on a Nanosecond Timescale},
  author = {Qian, Zhong-Hua and Cui, Jin-Ming and Luo, Xi-Wang and Zheng, Yong-Xiang and Huang, Yun-Feng and Ai, Ming-Zhong and He, Ran and Li, Chuan-Feng and Guo, Guang-Can},
  journal = {Phys. Rev. Lett.},
  volume = {127},
  issue = {26},
  pages = {263603},
  numpages = {6},
  year = {2021},
  month = {Dec},
  publisher = {American Physical Society},
  doi = {10.1103/PhysRevLett.127.263603},
  url = {https://link.aps.org/doi/10.1103/PhysRevLett.127.263603}
}
@article{cirac1994quantum,
  title = {Quantum collapse and revival in the motion of a single trapped ion},
  author = {Cirac, J. I. and Blatt, R. and Parkins, A. S. and Zoller, P.},
  journal = {Phys. Rev. A},
  volume = {49},
  issue = {2},
  pages = {1202--1207},
  numpages = {0},
  year = {1994},
  month = {Feb},
  publisher = {American Physical Society},
  doi = {10.1103/PhysRevA.49.1202},
  url = {https://link.aps.org/doi/10.1103/PhysRevA.49.1202}
}
@article{cirac1993preparation,
  title = {Preparation of Fock states by observation of quantum jumps in an ion trap},
  author = {Cirac, J. I. and Blatt, R. and Parkins, A. S. and Zoller, P.},
  journal = {Phys. Rev. Lett.},
  volume = {70},
  issue = {6},
  pages = {762--765},
  numpages = {0},
  year = {1993},
  month = {Feb},
  publisher = {American Physical Society},
  doi = {10.1103/PhysRevLett.70.762},
  url = {https://link.aps.org/doi/10.1103/PhysRevLett.70.762}
}
@article{cirac1992laser,
	title = {Laser cooling of trapped ions in a standing wave},
	volume = {46},
	url = {https://link.aps.org/doi/10.1103/PhysRevA.46.2668},
	doi = {10.1103/PhysRevA.46.2668},
	number = {5},
	urldate = {2023-07-27},
	journal = {Phys. Rev. A},
	author = {Cirac, J. I. and Blatt, R. and Zoller, P. and Phillips, W. D.},
	month = sep,
	year = {1992},
	note = {Publisher: American Physical Society},
	pages = {2668--2681},
	file = {APS Snapshot:C\:\\Users\\webbd\\Zotero\\storage\\ASZPCSH8\\PhysRevA.46.html:text/html;Full Text PDF:C\:\\Users\\webbd\\Zotero\\storage\\F986ZS2E\\Cirac et al. - 1992 - Laser cooling of trapped ions in a standing wave.pdf:application/pdf},
}
@article{reis1996cooling,
	title = {Cooling of trapped multilevel ions: {A} numerical analysis},
	volume = {54},
	shorttitle = {Cooling of trapped multilevel ions},
	url = {https://link.aps.org/doi/10.1103/PhysRevA.54.5133},
	doi = {10.1103/PhysRevA.54.5133},
	number = {6},
	urldate = {2025-06-06},
	journal = {Phys. Rev. A},
	author = {Rei{\textbackslash}S, Dirk and Lindner, Albrecht and Blatt, Rainer},
	month = dec,
	year = {1996},
	note = {Publisher: American Physical Society},
	pages = {5133--5140},
	file = {APS Snapshot:C\:\\Users\\webbd\\Zotero\\storage\\EC4KGALM\\PhysRevA.54.html:text/html;Full Text PDF:C\:\\Users\\webbd\\Zotero\\storage\\6Q34QG6A\\ReiS et al. - 1996 - Cooling of trapped multilevel ions A numerical an.pdf:application/pdf},
}

@article{allcock2016dark-resonance,
	title = {Dark-resonance {Doppler} cooling and high fluorescence in trapped {Ca}-43 ions at intermediate magnetic field},
	volume = {18},
	issn = {1367-2630},
	url = {https://dx.doi.org/10.1088/1367-2630/18/2/023043},
	doi = {10.1088/1367-2630/18/2/023043},
	language = {en},
	number = {2},
	urldate = {2025-06-06},
	journal = {New J. Phys.},
	author = {Allcock, D T C and Harty, T P and Sepiol, M A and Janacek, H A and Ballance, C J and Steane, A M and Lucas, D M and Stacey, D N},
	month = feb,
	year = {2016},
	note = {Publisher: IOP Publishing},
	pages = {023043},
	file = {IOP Full Text PDF:C\:\\Users\\webbd\\Zotero\\storage\\2MBGV263\\Allcock et al. - 2016 - Dark-resonance Doppler cooling and high fluorescen.pdf:application/pdf},
}
@article{wu1997jaynes,
  title = {Jaynes-Cummings Model for a Trapped Ion in Any Position of a Standing Wave},
  author = {Wu, Ying and Yang, Xiaoxue},
  journal = {Phys. Rev. Lett.},
  volume = {78},
  issue = {16},
  pages = {3086--3088},
  numpages = {0},
  year = {1997},
  month = {Apr},
  publisher = {American Physical Society},
  doi = {10.1103/PhysRevLett.78.3086},
  url = {https://link.aps.org/doi/10.1103/PhysRevLett.78.3086}
}
@article{garcia2003speed,
  title = {Speed Optimized Two-Qubit Gates with Laser Coherent Control Techniques for Ion Trap Quantum Computing},
  author = {Garc\'{\i}a-Ripoll, J. J. and Zoller, P. and Cirac, J. I.},
  journal = {Phys. Rev. Lett.},
  volume = {91},
  issue = {15},
  pages = {157901},
  numpages = {4},
  year = {2003},
  month = {Oct},
  publisher = {American Physical Society},
  doi = {10.1103/PhysRevLett.91.157901},
  url = {https://link.aps.org/doi/10.1103/PhysRevLett.91.157901}
}
@article{wong2017demonstration,
  title = {Demonstration of Two-Atom Entanglement with Ultrafast Optical Pulses},
  author = {Wong-Campos, J. D. and Moses, S. A. and Johnson, K. G. and Monroe, C.},
  journal = {Phys. Rev. Lett.},
  volume = {119},
  issue = {23},
  pages = {230501},
  numpages = {5},
  year = {2017},
  month = {Dec},
  publisher = {American Physical Society},
  doi = {10.1103/PhysRevLett.119.230501},
  url = {https://link.aps.org/doi/10.1103/PhysRevLett.119.230501}
}
@article{zhang2020submicrosecond,
author = {Zhang, Chi and Pokorny, Fabian and Li, Weibin and Higgins, Gerard and P{\"{o}}schl, Andreas and Lesanovsky, Igor and Hennrich, Markus},
doi = {10.1038/s41586-020-2152-9},
issn = {1476-4687},
journal = {Nature},
number = {7803},
pages = {345--349},
title = {{Submicrosecond entangling gate between trapped ions via Rydberg interaction}},
url = {https://doi.org/10.1038/s41586-020-2152-9},
volume = {580},
year = {2020}
}


 @article{kramer2018quantumoptics,
  title={QuantumOptics. jl: A Julia framework for simulating open quantum systems},
  author={Kr{\"a}mer, Sebastian and Plankensteiner, David and Ostermann, Laurin and Ritsch, Helmut},
  journal={Comput. Phys. Commun.},
  volume={227},
  pages={109--116},
  year={2018},
  publisher={Elsevier},
  url={https://doi.org/10.1016/j.cpc.2018.02.004}
}

@article{vetlugin2022deterministic,
  title = {Deterministic generation of entanglement in a quantum network by coherent absorption of a single photon},
  author = {Vetlugin, Anton N. and Guo, Ruixiang and Soci, Cesare and Zheludev, Nikolay I.},
  journal = {Phys. Rev. A},
  volume = {106},
  issue = {1},
  pages = {012402},
  numpages = {10},
  year = {2022},
  month = {Jul},
  publisher = {American Physical Society},
  doi = {10.1103/PhysRevA.106.012402},
  url = {https://link.aps.org/doi/10.1103/PhysRevA.106.012402}
}

@article{sutherland2021universal,
  title={Universal hybrid quantum computing in trapped ions},
  author={Sutherland, RT and Srinivas, R},
  journal={Phys. Rev. A},
  volume={104},
  number={3},
  pages={032609},
  year={2021},
  publisher={APS},
  doi={https://doi.org/10.1103/PhysRevA.104.032609},
  url= {https://journals.aps.org/pra/abstract/10.1103/PhysRevA.104.032609}
}

@article{aasi2013enhanced,
  title={Enhanced sensitivity of the LIGO gravitational wave detector by using squeezed states of light},
  author={{The LIGO Scientific Collaboration}},
  journal={Nat. Photonics},
  volume={7},
  number={8},
  pages={613--619},
  year={2013},
  publisher={Nature Publishing Group UK London},
  doi={10.1038/nphoton.2013.177},
  link = {https://doi.org/10.1038/nphoton.2013.177}
}

@article{devoret2013superconducting,
  title={Superconducting circuits for quantum information: an outlook},
  author={Devoret, Michel H and Schoelkopf, Robert J},
  journal={Science},
  volume={339},
  number={6124},
  pages={1169--1174},
  year={2013},
  publisher={American Association for the Advancement of Science},
  doi={10.1126/science.1231930},
  link = {https://www.science.org/doi/10.1126/science.1231930}
}

@article{chang2014quantum,
  title={Quantum nonlinear optics—photon by photon},
  author={Chang, Darrick E and Vuleti{\'c}, Vladan and Lukin, Mikhail D},
  journal={Nature Photonics},
  volume={8},
  number={9},
  pages={685--694},
  year={2014},
  publisher={Nature Publishing Group UK London},
  doi={10.1038/nphoton.2014.192},
  link = {https://doi.org/10.1038/nphoton.2014.192}
}

@article{casacio2021quantum,
  title={Quantum-enhanced nonlinear microscopy},
  author={Casacio, Catxere A and Madsen, Lars S and Terrasson, Alex and Waleed, Muhammad and Barnscheidt, Kai and Hage, Boris and Taylor, Michael A and Bowen, Warwick P},
  journal={Nature},
  volume={594},
  number={7862},
  pages={201--206},
  year={2021},
  publisher={Nature Publishing Group UK London},
  doi={10.1038/s41586-021-03528-w},
  link = {https://doi.org/10.1038/s41586-021-03528-w}
}

@article{gottesman2001encoding,
  title = {Encoding a qubit in an oscillator},
  author = {Gottesman, Daniel and Kitaev, Alexei and Preskill, John},
  journal = {Phys. Rev. A},
  volume = {64},
  issue = {1},
  pages = {012310},
  numpages = {21},
  year = {2001},
  month = {Jun},
  publisher = {American Physical Society},
  doi = {10.1103/PhysRevA.64.012310},
  url = {https://link.aps.org/doi/10.1103/PhysRevA.64.012310}
}

@article{jimenez2004protein,
  title={Protein dynamics and the immunological evolution of molecular recognition},
  author={Jimenez, Ralph and Salazar, Georgina and Yin, Jun and Joo, Taiha and Romesberg, Floyd E},
  journal={Proceedings of the National Academy of Sciences},
  volume={101},
  number={11},
  pages={3803--3808},
  year={2004},
  publisher={Proceedings of the National Academy of Sciences of the United States of America},
  doi = {10.1073/pnas.0305745101},
  url = {https://doi.org/10.1073/pnas.0305745101}
}

@article{wineland2013nobel,
  title = {Nobel Lecture: Superposition, entanglement, and raising Schr\"odinger's cat},
  author = {Wineland, David J.},
  journal = {Rev. Mod. Phys.},
  volume = {85},
  issue = {3},
  pages = {1103--1114},
  numpages = {0},
  year = {2013},
  month = {Jul},
  publisher = {American Physical Society},
  doi = {10.1103/RevModPhys.85.1103},
  url = {https://link.aps.org/doi/10.1103/RevModPhys.85.1103}
}

@article{haroche2013nobel,
  title = {Nobel Lecture: Controlling photons in a box and exploring the quantum to classical boundary},
  author = {Haroche, Serge},
  journal = {Rev. Mod. Phys.},
  volume = {85},
  issue = {3},
  pages = {1083--1102},
  numpages = {0},
  year = {2013},
  month = {Jul},
  publisher = {American Physical Society},
  doi = {10.1103/RevModPhys.85.1083},
  url = {https://link.aps.org/doi/10.1103/RevModPhys.85.1083}
}

@article{fluhmann2020direct,
  title = {Direct Characteristic-Function Tomography of Quantum States of the Trapped-Ion Motional Oscillator},
  author = {Fl\"uhmann, C. and Home, J. P.},
  journal = {Phys. Rev. Lett.},
  volume = {125},
  issue = {4},
  pages = {043602},
  numpages = {6},
  year = {2020},
  month = {Jul},
  publisher = {American Physical Society},
  doi = {10.1103/PhysRevLett.125.043602},
  url = {https://link.aps.org/doi/10.1103/PhysRevLett.125.043602}
}
@article{magnus1954on,
author = {Magnus, Wilhelm},
doi = {https://doi.org/10.1002/cpa.3160070404},
journal = {Commun. Pure Appl. Math.},
mendeley-groups = {general papers dphil/CVQC},
number = {4},
pages = {649--673},
title = {{On the exponential solution of differential equations for a linear operator}},
url = {https://onlinelibrary.wiley.com/doi/abs/10.1002/cpa.3160070404},
volume = {7},
year = {1954}
}
@article{blanes2008the,
author = {Blanes, S and Casas, F and Oteo, J A and Ros, J},
doi = {https://doi.org/10.1016/j.physrep.2008.11.001},
file = {:C\:/Users/sanar/Downloads/1-s2.0-S0370157308004092-main.pdf:pdf},
issn = {0370-1573},
journal = {Physics Reports},
mendeley-groups = {general papers dphil/CVQC},
number = {5},
pages = {151--238},
title = {{The Magnus expansion and some of its applications}},
url = {https://www.sciencedirect.com/science/article/pii/S0370157308004092},
volume = {470},
year = {2009}
}

@article{lloyd1999quantum,
  title={Quantum computation over continuous variables},
  author={Lloyd, Seth and Braunstein, Samuel L},
  journal={Phys. Rev. Lett.},
  volume={82},
  number={8},
  pages={1784},
  year={1999},
  publisher={APS}, 
  url={https://journals.aps.org/prl/pdf/10.1103/PhysRevLett.82.1784}
}

@article{meekhof1996generation,
  title = {Generation of Nonclassical Motional States of a Trapped Atom},
  author = {Meekhof, D. M. and Monroe, C. and King, B. E. and Itano, W. M. and Wineland, D. J.},
  journal = {Phys. Rev. Lett.},
  volume = {76},
  issue = {11},
  pages = {1796--1799},
  numpages = {0},
  year = {1996},
  month = {Mar},
  publisher = {American Physical Society},
  doi = {10.1103/PhysRevLett.76.1796},
  url = {https://link.aps.org/doi/10.1103/PhysRevLett.76.1796}
}

@article{heinzen1990quantum,
  title = {Quantum-limited cooling and detection of radio-frequency oscillations by laser-cooled ions},
  author = {Heinzen, D. J. and Wineland, D. J.},
  journal = {Phys. Rev. A},
  volume = {42},
  issue = {5},
  pages = {2977--2994},
  numpages = {0},
  year = {1990},
  month = {Sep},
  publisher = {American Physical Society},
  doi = {10.1103/PhysRevA.42.2977},
  url = {https://link.aps.org/doi/10.1103/PhysRevA.42.2977}
}


@article{
burd2019quantum,
author = {S. C. Burd  and R. Srinivas  and J. J. Bollinger  and A. C. Wilson  and D. J. Wineland  and D. Leibfried  and D. H. Slichter  and D. T. C. Allcock },
title = {Quantum amplification of mechanical oscillator motion},
journal = {Science},
volume = {364},
number = {6446},
pages = {1163-1165},
year = {2019},
doi = {10.1126/science.aaw2884},
URL = {https://www.science.org/doi/abs/10.1126/science.aaw2884}}

@article{kienzler2015quantum,
author = {D. Kienzler  and H.-Y. Lo  and B. Keitch  and L. de Clercq  and F. Leupold  and F. Lindenfelser  and M. Marinelli  and V. Negnevitsky  and J. P. Home },
title = {Quantum harmonic oscillator state synthesis by reservoir engineering},
journal = {Science},
volume = {347},
number = {6217},
pages = {53-56},
year = {2015},
doi = {10.1126/science.1261033},
URL = {https://www.science.org/doi/abs/10.1126/science.1261033},
}

@article{matsos2023robust,
  title={Robust and Deterministic Preparation of Bosonic Logical States in a Trapped Ion},
  author={Matsos, V. G. and Valahu, C. H. and Navickas, T. and Rao, A. D. and Millican, M. J. and Biercuk, M. J. and Tan, T. R.},
  journal={arXiv:2310.15546},
  url={https://arxiv.org/abs/2310.15546},
  year={2023}
}

@article{valahu2023direct,
  title={Direct observation of geometric-phase interference in dynamics around a conical intersection},
  author={Valahu, Christophe H and Olaya-Agudelo, Vanessa C and MacDonell, Ryan J and Navickas, Tomas and Rao, Arjun D and Millican, Maverick J and P{\'e}rez-S{\'a}nchez, Juan B and Yuen-Zhou, Joel and Biercuk, Michael J and Hempel, Cornelius and Tan, Ting Rei and  Kassal, Ivan},
  journal={Nat. Chem.},
  volume={15},
  number={11},
  pages={1503--1508},
  year={2023},
  publisher={Nature Publishing Group UK London}, 
  url={https://www.nature.com/articles/s41557-023-01300-3}
}

@article{lee2023fault,
  title={Fault-tolerant quantum computation by hybrid qubits with bosonic cat-code and single photons},
  author={Lee, Jaehak and Kang, Nuri and Lee, Seok-Hyung and Jeong, Hyunseok and Jiang, Liang and Lee, Seung-Woo},
  journal={arXiv:2401.00450},
  year={2023},
  url={https://arxiv.org/abs/2401.00450}
}

@article{lo2015spin,
  title={Spin--motion entanglement and state diagnosis with squeezed oscillator wavepackets},
  author={Lo, Hsiang-Yu and Kienzler, Daniel and de Clercq, Ludwig and Marinelli, Matteo and Negnevitsky, Vlad and Keitch, Ben C and Home, Jonathan P},
  journal={Nature},
  volume={521},
  number={7552},
  pages={336--339},
  year={2015},
  publisher={Nature Publishing Group UK London},
  url={https://www.nature.com/articles/nature14458#citeas}
}

@article{eriksson2023universal,
  title={Universal control of a bosonic mode via drive-activated native cubic interactions},
  author={Eriksson, Axel M and S{\'e}pulcre, Th{\'e}o and Kervinen, Mikael and Hillmann, Timo and Kudra, Marina and Dupouy, Simon and Lu, Yong and Khanahmadi, Maryam and Yang, Jiaying and Moreno, Claudia Castillo and Deslsing, Per and Gasparinetti, Simone},
  journal={arXiv:2308.15320},
  url = {https://arxiv.org/abs/2308.15320},   
  year={2023}
}

@article{chang2020observation,
  title = {Observation of Three-Photon Spontaneous Parametric Down-Conversion in a Superconducting Parametric Cavity},
  author = {Chang, C. W. Sandbo and Sab\'{\i}n, Carlos and Forn-D\'{\i}az, P. and Quijandr\'{\i}a, Fernando and Vadiraj, A. M. and Nsanzineza, I. and Johansson, G. and Wilson, C. M.},
  journal = {Phys. Rev. X},
  volume = {10},
  issue = {1},
  pages = {011011},
  numpages = {16},
  year = {2020},
  month = {Jan},
  publisher = {American Physical Society},
  doi = {10.1103/PhysRevX.10.011011},
  url = {https://link.aps.org/doi/10.1103/PhysRevX.10.011011}
}

@article{zheng2021gaussian,
  title = {Gaussian Conversion Protocols for Cubic Phase State Generation},
  author = {Zheng, Yu and Hahn, Oliver and Stadler, Pascal and Holmvall, Patric and Quijandr\'{\i}a, Fernando and Ferraro, Alessandro and Ferrini, Giulia},
  journal = {PRX Quantum},
  volume = {2},
  issue = {1},
  pages = {010327},
  numpages = {25},
  year = {2021},
  month = {Feb},
  publisher = {American Physical Society},
  doi = {10.1103/PRXQuantum.2.010327},
  url = {https://link.aps.org/doi/10.1103/PRXQuantum.2.010327}
}


@article{albarelli2018resource,
  title = {Resource theory of quantum non-Gaussianity and Wigner negativity},
  author = {Albarelli, Francesco and Genoni, Marco G. and Paris, Matteo G. A. and Ferraro, Alessandro},
  journal = {Phys. Rev. A},
  volume = {98},
  issue = {5},
  pages = {052350},
  numpages = {17},
  year = {2018},
  month = {Nov},
  publisher = {American Physical Society},
  doi = {10.1103/PhysRevA.98.052350},
  url = {https://link.aps.org/doi/10.1103/PhysRevA.98.052350}
}

@article{takagi2018convex,
  title = {Convex resource theory of non-Gaussianity},
  author = {Takagi, Ryuji and Zhuang, Quntao},
  journal = {Phys. Rev. A},
  volume = {97},
  issue = {6},
  pages = {062337},
  numpages = {14},
  year = {2018},
  month = {Jun},
  publisher = {American Physical Society},
  doi = {10.1103/PhysRevA.97.062337},
  url = {https://link.aps.org/doi/10.1103/PhysRevA.97.062337}
}


@article{
gilmore2021quantum,
author = {Kevin A. Gilmore  and Matthew Affolter  and Robert J. Lewis-Swan  and Diego Barberena  and Elena Jordan  and Ana Maria Rey  and John J. Bollinger },
title = {Quantum-enhanced sensing of displacements and electric fields with two-dimensional trapped-ion crystals},
journal = {Science},
volume = {373},
number = {6555},
pages = {673-678},
year = {2021},
doi = {10.1126/science.abi5226},
URL = {https://www.science.org/doi/abs/10.1126/science.abi5226},
}

@article{vahlbruch2016detection,
  title = {Detection of 15 dB Squeezed States of Light and their Application for the Absolute Calibration of Photoelectric Quantum Efficiency},
  author = {Vahlbruch, Henning and Mehmet, Moritz and Danzmann, Karsten and Schnabel, Roman},
  journal = {Phys. Rev. Lett.},
  volume = {117},
  issue = {11},
  pages = {110801},
  numpages = {5},
  year = {2016},
  month = {Sep},
  publisher = {American Physical Society},
  doi = {10.1103/PhysRevLett.117.110801},
  url = {https://link.aps.org/doi/10.1103/PhysRevLett.117.110801}
}

@article{
wollman2015quantum,
author = {E. E. Wollman  and C. U. Lei  and A. J. Weinstein  and J. Suh  and A. Kronwald  and F. Marquardt  and A. A. Clerk  and K. C. Schwab },
title = {Quantum squeezing of motion in a mechanical resonator},
journal = {Science},
volume = {349},
number = {6251},
pages = {952-955},
year = {2015},
doi = {10.1126/science.aac5138},
URL = {https://www.science.org/doi/abs/10.1126/science.aac5138},

}

@article{bermudez2023synthetic,
  title={Synthetic $\mathbb{Z}_2$ gauge theories based on parametric excitations of trapped ions},
  author={Bǎzǎvan, O. and Saner, S. and Tirrito, E. and Araneda, G. and Srinivas, R. and Bermudez, A.},
  journal={Commun. Phys.},
  volume={7},
  number={1},
  pages={229},
  year={2024},
  publisher={Nature Publishing Group UK London},
  doi={https://doi.org/10.1038/s42005-024-01691-w}
}

@article{fluhmann2019encoding,
author = {Fl{\"{u}}hmann, C and Nguyen, T L and Marinelli, M and Negnevitsky, V and Mehta, K and Home, J P},
doi = {10.1038/s41586-019-0960-6},
issn = {1476-4687},
journal = {Nature},
mendeley-groups = {general papers dphil/CVQC},
number = {7745},
pages = {513--517},
title = {{Encoding a qubit in a trapped-ion mechanical oscillator}},
url = {https://doi.org/10.1038/s41586-019-0960-6},
volume = {566},
year = {2019}
}
@article{cochrane1999macroscopically,
  title = {Macroscopically distinct quantum-superposition states as a bosonic code for amplitude damping},
  author = {Cochrane, P. T. and Milburn, G. J. and Munro, W. J.},
  journal = {Phys. Rev. A},
  volume = {59},
  issue = {4},
  pages = {2631--2634},
  numpages = {0},
  year = {1999},
  month = {Apr},
  publisher = {American Physical Society},
  doi = {10.1103/PhysRevA.59.2631},
  url = {https://link.aps.org/doi/10.1103/PhysRevA.59.2631}
}
@article{wigner1932on,
  title = {On the Quantum Correction For Thermodynamic Equilibrium},
  author = {Wigner, E.},
  journal = {Phys. Rev.},
  volume = {40},
  issue = {5},
  pages = {749--759},
  numpages = {0},
  year = {1932},
  month = {Jun},
  publisher = {American Physical Society},
  doi = {10.1103/PhysRev.40.749},
  url = {https://link.aps.org/doi/10.1103/PhysRev.40.749}
}

@misc{fnnegdet,
  author       = "",
  title        = "",
  howpublished = "",
  month        = "",
  year         = "",
  note         = {We choose this negative detuning $\Delta/2\pi =  \SI{-25}{\kilo \hertz}$ to avoid off-resonantly driving an interaction corresponding to another motional mode of the ion.},
  annote       = ""
}
@misc{fnpulseshape,
  author       = "",
  title        = "",
  howpublished = "",
  month        = "",
  year         = "",
  note         = {All pulse durations quoted in this text are measured at full-width half-maximum of the pulse shape. The ramp shape is a $\sin(\pi t/2t_{\rm ramp})^2$ with a total rise time given by the ramp duration $t_{\rm ramp}$.},
  annote       = ""
}

@misc{fnredefinition,
  author       = "",
  title        = "",
  howpublished = "",
  month        = "",
  year         = "",
  note         = {This is true up to a phase redefinition for even $n$; see Supplementary Information.},
  annote       = ""
}



@article{saner2023breaking,
  title = {Breaking the Entangling Gate Speed Limit for Trapped-Ion Qubits Using a Phase-Stable Standing Wave},
  author = {Saner, S. and B\ifmmode \u{a}\else \u{a}\fi{}z\ifmmode \u{a}\else \u{a}\fi{}van, O. and Minder, M. and Drmota, P. and Webb, D. J. and Araneda, G. and Srinivas, R. and Lucas, D. M. and Ballance, C. J.},
  journal = {Phys. Rev. Lett.},
  volume = {131},
  issue = {22},
  pages = {220601},
  numpages = {6},
  year = {2023},
  month = {Dec},
  publisher = {American Physical Society},
  doi = {10.1103/PhysRevLett.131.220601},
  url = {https://link.aps.org/doi/10.1103/PhysRevLett.131.220601}
}


@phdthesis{oevergaard2024limiting,
  title={Limiting errors of fast entangling gates in trapped ion quantum computers},
  author={\O vergaard, Iver R.},
  year={2024},
  school={Oxford University, UK},
}

@phdthesis{harty2013highthesis,
  title={High-fidelity microwave-driven quantum logic in intermediate-field 43Ca+},
  author={Harty, Thomas Peter},
  year={2013},
  school={Oxford University, UK},
  url={https://ora.ox.ac.uk/objects/uuid:55264c2d-bb42-4439-bf49-731b9f66de74}
}
@article{glauber1963coherent,
  title = {Coherent and Incoherent States of the Radiation Field},
  author = {Glauber, Roy J.},
  journal = {Phys. Rev.},
  volume = {131},
  issue = {6},
  pages = {2766--2788},
  numpages = {0},
  year = {1963},
  month = {Sep},
  publisher = {American Physical Society},
  doi = {10.1103/PhysRev.131.2766},
  url = {https://link.aps.org/doi/10.1103/PhysRev.131.2766}
}
@book{haroche2006exploring,
  title={Exploring the quantum: atoms, cavities, and photons},
  author={Haroche, Serge and Raimond, J-M},
  year={2006},
  publisher={Oxford university press}
}


@article{walls1983squeezed,
  title={Squeezed states of light},
  author={Walls, Daniel F},
  journal={Nature},
  volume={306},
  number={5939},
  pages={141--146},
  year={1983},
  publisher={Nature Publishing Group UK London},
  doi={https://doi.org/10.1038/306141a0}
}
@article{carruthers1965coherent,
    author = {Carruthers, P. and Nieto, M. M.},
    title = "{Coherent States and the Forced Quantum Oscillator}",
    journal = {Am. J. Phys.},
    volume = {33},
    number = {7},
    pages = {537-544},
    year = {1965},
    month = {07},
    issn = {0002-9505},
    doi = {10.1119/1.1971895},
    url = {https://doi.org/10.1119/1.1971895}
}

@article{metzner2023two,
  title={Two-mode squeezing and SU (1, 1) interferometry with trapped ions},
  author={Metzner, J and Quinn, A and Brudney, S and Moore, ID and Burd, SC and Wineland, DJ and Allcock, DT},
  journal={arXiv:2312.10847},
  url={https://doi.org/10.48550/arXiv.2312.10847},
  year={2023}
}
@article{braunstein1987generalised,
  title = {Generalized squeezing},
  author = {Braunstein, Samuel L. and McLachlan, Robert I.},
  journal = {Phys. Rev. A},
  volume = {35},
  issue = {4},
  pages = {1659--1667},
  numpages = {0},
  year = {1987},
  month = {Feb},
  publisher = {American Physical Society},
  doi = {10.1103/PhysRevA.35.1659},
  url = {https://link.aps.org/doi/10.1103/PhysRevA.35.1659}
}
@article{caves1981quantum,
  title = {Quantum-mechanical noise in an interferometer},
  author = {Caves, Carlton M.},
  journal = {Phys. Rev. D},
  volume = {23},
  issue = {8},
  pages = {1693--1708},
  numpages = {0},
  year = {1981},
  month = {Apr},
  publisher = {American Physical Society},
  doi = {10.1103/PhysRevD.23.1693},
  url = {https://link.aps.org/doi/10.1103/PhysRevD.23.1693}
}
@article{sorensen1999quantum,
  title = {Quantum Computation with Ions in Thermal Motion},
  author = {S\o{}rensen, Anders and M\o{}lmer, Klaus},
  journal = {Phys. Rev. Lett.},
  volume = {82},
  issue = {9},
  pages = {1971--1974},
  numpages = {0},
  year = {1999},
  month = {Mar},
  publisher = {American Physical Society},
  doi = {10.1103/PhysRevLett.82.1971},
  url = {https://link.aps.org/doi/10.1103/PhysRevLett.82.1971}
}
@article{blais2004cavity,
  title = {Cavity quantum electrodynamics for superconducting electrical circuits: An architecture for quantum computation},
  author = {Blais, Alexandre and Huang, Ren-Shou and Wallraff, Andreas and Girvin, S. M. and Schoelkopf, R. J.},
  journal = {Phys. Rev. A},
  volume = {69},
  issue = {6},
  pages = {062320},
  numpages = {14},
  year = {2004},
  month = {Jun},
  publisher = {American Physical Society},
  doi = {10.1103/PhysRevA.69.062320},
  url = {https://link.aps.org/doi/10.1103/PhysRevA.69.062320}
}


@article{
evans2018photon,
author = {R. E. Evans  and M. K. Bhaskar  and D. D. Sukachev  and C. T. Nguyen  and A. Sipahigil  and M. J. Burek  and B. Machielse  and G. H. Zhang  and A. S. Zibrov  and E. Bielejec  and H. Park  and M. Lončar  and M. D. Lukin },
title = {Photon-mediated interactions between quantum emitters in a diamond nanocavity},
journal = {Science},
volume = {362},
number = {6415},
pages = {662-665},
year = {2018},
doi = {10.1126/science.aau4691},
URL = {https://www.science.org/doi/abs/10.1126/science.aau4691},
}



@article{ding2017cross,
  title = {Cross-Kerr Nonlinearity for Phonon Counting},
  author = {Ding, Shiqian and Maslennikov, Gleb and Habl\"utzel, Roland and Matsukevich, Dzmitry},
  journal = {Phys. Rev. Lett.},
  volume = {119},
  issue = {19},
  pages = {193602},
  numpages = {5},
  year = {2017},
  month = {Nov},
  publisher = {American Physical Society},
  doi = {10.1103/PhysRevLett.119.193602},
  url = {https://link.aps.org/doi/10.1103/PhysRevLett.119.193602}
}
@article{slusher1985observation,
  title = {Observation of Squeezed States Generated by Four-Wave Mixing in an Optical Cavity},
  author = {Slusher, R. E. and Hollberg, L. W. and Yurke, B. and Mertz, J. C. and Valley, J. F.},
  journal = {Phys. Rev. Lett.},
  volume = {55},
  issue = {22},
  pages = {2409--2412},
  numpages = {0},
  year = {1985},
  month = {Nov},
  publisher = {American Physical Society},
  doi = {10.1103/PhysRevLett.55.2409},
  url = {https://link.aps.org/doi/10.1103/PhysRevLett.55.2409}
}
@article{gan2020hybrid,
  title = {Hybrid Quantum Computing with Conditional Beam Splitter Gate in Trapped Ion System},
  author = {Gan, H. C. J. and Maslennikov, Gleb and Tseng, Ko-Wei and Nguyen, Chihuan and Matsukevich, Dzmitry},
  journal = {Phys. Rev. Lett.},
  volume = {124},
  issue = {17},
  pages = {170502},
  numpages = {6},
  year = {2020},
  month = {Apr},
  publisher = {American Physical Society},
  doi = {10.1103/PhysRevLett.124.170502},
  url = {https://link.aps.org/doi/10.1103/PhysRevLett.124.170502}
}


@article{monroe1996schrodinger,
author = {C. Monroe  and D. M. Meekhof  and B. E. King  and D. J. Wineland },
title = {A “Schrödinger Cat” Superposition State of an Atom},
journal = {Science},
volume = {272},
number = {5265},
pages = {1131-1136},
year = {1996},
doi = {10.1126/science.272.5265.1131},
URL = {https://www.science.org/doi/abs/10.1126/science.272.5265.1131},
}



@article{wittemer2019phonon,
  title = {Phonon Pair Creation by Inflating Quantum Fluctuations in an Ion Trap},
  author = {Wittemer, Matthias and Hakelberg, Frederick and Kiefer, Philip and Schr\"oder, Jan-Philipp and Fey, Christian and Sch\"utzhold, Ralf and Warring, Ulrich and Schaetz, Tobias},
  journal = {Phys. Rev. Lett.},
  volume = {123},
  issue = {18},
  pages = {180502},
  numpages = {6},
  year = {2019},
  month = {Oct},
  publisher = {American Physical Society},
  doi = {10.1103/PhysRevLett.123.180502},
  url = {https://link.aps.org/doi/10.1103/PhysRevLett.123.180502}
}
@aticle{case2008wigner,
    author = {Case, William B.},
    title = "{Wigner functions and Weyl transforms for pedestrians}",
    journal = {Am. J. Phys.},
    volume = {76},
    number = {10},
    pages = {937-946},
    year = {2008},
    month = {10},
    issn = {0002-9505},
    doi = {10.1119/1.2957889},
    url = {https://doi.org/10.1119/1.2957889},
    eprint = {https://pubs.aip.org/aapt/ajp/article-pdf/76/10/937/13118327/937\_1\_online.pdf},
}

@article{kwiat1995new,
  title = {New High-Intensity Source of Polarization-Entangled Photon Pairs},
  author = {Kwiat, Paul G. and Mattle, Klaus and Weinfurter, Harald and Zeilinger, Anton and Sergienko, Alexander V. and Shih, Yanhua},
  journal = {Phys. Rev. Lett.},
  volume = {75},
  issue = {24},
  pages = {4337--4341},
  numpages = {0},
  year = {1995},
  month = {Dec},
  publisher = {American Physical Society},
  doi = {10.1103/PhysRevLett.75.4337},
  url = {https://link.aps.org/doi/10.1103/PhysRevLett.75.4337}
}

@article{bloembergen1982nonlinear,
  title = {Nonlinear optics and spectroscopy},
  author = {Bloembergen, Nicolaas},
  journal = {Rev. Mod. Phys.},
  volume = {54},
  issue = {3},
  pages = {685--695},
  numpages = {0},
  year = {1982},
  month = {Jul},
  publisher = {American Physical Society},
  doi = {10.1103/RevModPhys.54.685},
  url = {https://link.aps.org/doi/10.1103/RevModPhys.54.685}
}

@article{fejer1994nonlinear,
    author = {Fejer, Martin M.},
    title = "{Nonlinear Optical Frequency Conversion}",
    journal = {Phys. Today},
    volume = {47},
    number = {5},
    pages = {25-32},
    year = {1994},
    month = {05},
    issn = {0031-9228},
    doi = {10.1063/1.881430},
    url = {https://doi.org/10.1063/1.881430}
}    

@article{hou2022coherently,
  title={Coherently coupled mechanical oscillators in the quantum regime},
  author={Hou, Pan-Yu and Wu, Jenny J and Erickson, Stephen D and Cole, Daniel C and Zarantonello, Giorgio and Brandt, Adam D and Wilson, Andrew C and Slichter, Daniel H and Leibfried, Dietrich},
  journal={arXiv:2205.14841},
  year={2022},
  url={https://arxiv.org/abs/2205.14841},
}

@book{loudon2000quantum,
  title={The quantum theory of light},
  author={Loudon, Rodney},
  year={2000},
  publisher={OUP Oxford}
}

@article{mielenz2016arrays,
  title={Arrays of individually controlled ions suitable for two-dimensional quantum simulations},
  author={Mielenz, Manuel and Kalis, Henning and Wittemer, Matthias and Hakelberg, Frederick and Warring, Ulrich and Schmied, Roman and Blain, Matthew and Maunz, Peter and Moehring, David L and Leibfried, Dietrich and Schaetz, Tobias},
  journal={Nat. Commun.},
  volume={7},
  number={1},
  pages={11839},
  year={2016},
  publisher={Nature Publishing Group UK London}, 
  doi={https://doi.org/10.1038/ncomms11839}
}

@article{hillmann2020universal,
  title = {Universal Gate Set for Continuous-Variable Quantum Computation with Microwave Circuits},
  author = {Hillmann, Timo and Quijandr\'{\i}a, Fernando and Johansson, G\"oran and Ferraro, Alessandro and Gasparinetti, Simone and Ferrini, Giulia},
  journal = {Phys. Rev. Lett.},
  volume = {125},
  issue = {16},
  pages = {160501},
  numpages = {6},
  year = {2020},
  month = {Oct},
  publisher = {American Physical Society},
  doi = {10.1103/PhysRevLett.125.160501},
  url = {https://link.aps.org/doi/10.1103/PhysRevLett.125.160501}
}

@article{frattini2017wave,
    author = {Frattini, N. E. and Vool, U. and Shankar, S. and Narla, A. and Sliwa, K. M. and Devoret, M. H.},
    title = "{3-wave mixing Josephson dipole element}",
    journal = {Appl. Phys. Lett.},
    volume = {110},
    number = {22},
    pages = {222603},
    year = {2017},
    month = {05},
    issn = {0003-6951},
    doi = {10.1063/1.4984142},
    url = {https://doi.org/10.1063/1.4984142},
}

@inbook{lvovsky2015squeezed,
author = {Lvovsky, A. I.},
publisher = {John Wiley \& Sons, Ltd},
isbn = {9781119009719},
title = {Squeezed Light},
booktitle = {Photonics},
chapter = {5},
pages = {121-163},
doi = {https://doi.org/10.1002/9781119009719.ch5},
url = {https://onlinelibrary.wiley.com/doi/abs/10.1002/9781119009719.ch5},
year = {2015},
}

@article{bermudez2017quantum,
  title = {Quantum Sensors for the Generating Functional of Interacting Quantum Field Theories},
  author = {Bermudez, A. and Aarts, G. and M\"uller, M.},
  journal = {Phys. Rev. X},
  volume = {7},
  issue = {4},
  pages = {041012},
  numpages = {18},
  year = {2017},
  month = {Oct},
  publisher = {American Physical Society},
  doi = {10.1103/PhysRevX.7.041012},
  url = {https://link.aps.org/doi/10.1103/PhysRevX.7.041012}
}


@article{banaszek1997quantum,
  title = {Quantum interference in three-photon down-conversion},
  author = {Banaszek, Konrad and Knight, Peter L.},
  journal = {Phys. Rev. A},
  volume = {55},
  issue = {3},
  pages = {2368--2375},
  numpages = {0},
  year = {1997},
  month = {Mar},
  publisher = {American Physical Society},
  doi = {10.1103/PhysRevA.55.2368},
  url = {https://link.aps.org/doi/10.1103/PhysRevA.55.2368}
}
@article{braunstein2005quantum,
  title = {Quantum information with continuous variables},
  author = {Braunstein, Samuel L. and van Loock, Peter},
  journal = {Rev. Mod. Phys.},
  volume = {77},
  issue = {2},
  pages = {513--577},
  numpages = {0},
  year = {2005},
  month = {Jun},
  publisher = {American Physical Society},
  doi = {10.1103/RevModPhys.77.513},
  url = {https://link.aps.org/doi/10.1103/RevModPhys.77.513}
}

@article{sivak2023real,
  title={Real-time quantum error correction beyond break-even},
  author={Sivak, VV and Eickbusch, Alec and Royer, Baptiste and Singh, Shraddha and Tsioutsios, Ioannis and Ganjam, Suhas and Miano, Alessandro and Brock, BL and Ding, AZ and Frunzio, Luigi and Girvin, S. M. and  Schoelkopf, R. J. and Devoret, M. H.},
  journal={Nature},
  volume={616},
  number={7955},
  pages={50--55},
  year={2023},
  publisher={Nature Publishing Group UK London}, 
  doi={https://doi.org/10.1038/s41586-023-05782-6}
}

@article{de2022error,
  title={Error correction of a logical grid state qubit by dissipative pumping},
  author={De Neeve, Brennan and Nguyen, Thanh-Long and Behrle, Tanja and Home, Jonathan P},
  journal={Nat. Phys.},
  volume={18},
  number={3},
  pages={296--300},
  year={2022},
  publisher={Nature Publishing Group UK London},
  doi={https://doi.org/10.1038/s41567-021-01487-7}
}
@article{brown2011coupled,
  title={Coupled quantized mechanical oscillators},
  author={Brown, Kenton R and Ospelkaus, Christian and Colombe, Yves and Wilson, Andrew C and Leibfried, Dietrich and Wineland, David J},
  journal={Nature},
  volume={471},
  number={7337},
  pages={196--199},
  year={2011},
  publisher={Nature Publishing Group UK London},
  url={https://doi.org/10.1038/nature09721}
}

@article{mundhada2019experimental,
  title = {Experimental Implementation of a Raman-Assisted Eight-Wave Mixing Process},
  author = {Mundhada, S. O. and Grimm, A. and Venkatraman, J. and Minev, Z. K. and Touzard, S. and Frattini, N. E. and Sivak, V. V. and Sliwa, K. and Reinhold, P. and Shankar, S. and Mirrahimi, M. and Devoret, M. H.},
  journal = {Phys. Rev. Appl.},
  volume = {12},
  issue = {5},
  pages = {054051},
  numpages = {12},
  year = {2019},
  month = {Nov},
  publisher = {American Physical Society},
  doi = {10.1103/PhysRevApplied.12.054051},
  url = {https://link.aps.org/doi/10.1103/PhysRevApplied.12.054051}
}

@article{mari2012positive,
  title = {Positive Wigner Functions Render Classical Simulation of Quantum Computation Efficient},
  author = {Mari, A. and Eisert, J.},
  journal = {Phys. Rev. Lett.},
  volume = {109},
  issue = {23},
  pages = {230503},
  numpages = {5},
  year = {2012},
  month = {Dec},
  publisher = {American Physical Society},
  doi = {10.1103/PhysRevLett.109.230503},
  url = {https://link.aps.org/doi/10.1103/PhysRevLett.109.230503}
}

@article{katz2023demonstration,
  title={Demonstration of three-and four-body interactions between trapped-ion spins},
  author={Katz, Or and Feng, Lei and Risinger, Andrew and Monroe, Christopher and Cetina, Marko},
  journal={Nat, Phys.},
  volume={19},
  number={10},
  pages={1452--1458},
  year={2023},
  publisher={Nature Publishing Group UK London},
  doi={https://doi.org/10.1038/s41567-023-02102-7}
}

@article{whitlow2023simulating,
  title={Simulating conical intersections with trapped ions},
  author={Whitlow, Jacob and Jia, Zhubing and Wang, Ye and Fang, Chao and Kim, Jungsang and Brown, Kenneth R},
  journal={Nat. Chem.},
  volume={15},
  pages={1509–1514},
  year={2023},
  doi={https://doi.org/10.1038/s41557-023-01303-0}
}

@article{liu2024hybrid,
  title={Hybrid oscillator-qubit quantum processors: Instruction set architectures, abstract machine models, and applications},
  author={Liu, Yuan and Singh, Shraddha and Smith, Kevin C and Crane, Eleanor and Martyn, John M and Eickbusch, Alec and Schuckert, Alexander and Li, Richard D and Sinanan-Singh, Jasmine and Soley, Micheline B and  Tsunoda, Takahiro and Chuang, Isaac L. and Wiebe, Nathan and Girvin, Steven M.},
  journal={arXiv preprint arXiv:2407.10381},
  year={2024},
  url={https://doi.org/10.48550/arXiv.2407.10381}
}

@article{crane2024hybrid,
  title={Hybrid Oscillator-Qubit Quantum Processors: Simulating Fermions, Bosons, and Gauge Fields},
  author={Crane, Eleanor and Smith, Kevin C and Tomesh, Teague and Eickbusch, Alec and Martyn, John M and K{\"u}hn, Stefan and Funcke, Lena and DeMarco, Michael Austin and Chuang, Isaac L and Wiebe, Nathan and   Schuckert, Alexander and Girvin, Steven M. },
  journal={arXiv preprint arXiv:2409.03747},
  year={2024},
  url={https://doi.org/10.48550/arXiv.2409.03747}
}

@article{saner2024generating,
  title={Generating arbitrary superpositions of nonclassical quantum harmonic oscillator states},
  author={Saner, S and B{\u{a}}z{\u{a}}van, O and Webb, DJ and Araneda, G and Lucas, DM and Ballance, CJ and Srinivas, R},
  journal={arXiv preprint arXiv:2409.03482},
  year={2024},
  url={https://doi.org/10.48550/arXiv.2409.03482}
}

@article{walschaers2021nongaussian,
  title = {Non-Gaussian Quantum States and Where to Find Them},
  author = {Walschaers, Mattia},
  journal = {PRX Quantum},
  volume = {2},
  issue = {3},
  pages = {030204},
  numpages = {68},
  year = {2021},
  month = {Sep},
  publisher = {American Physical Society},
  doi = {10.1103/PRXQuantum.2.030204},
  url = {https://link.aps.org/doi/10.1103/PRXQuantum.2.030204}
}

@article{stobinska2011generation,
doi = {10.1209/0295-5075/94/54002},
url = {https://dx.doi.org/10.1209/0295-5075/94/54002},
year = {2011},
month = {may},
publisher = {},
volume = {94},
number = {5},
pages = {54002},
author = {Stobińska, M. and Villar, A. S. and Leuchs, G.},
title = {Generation of Kerr non-Gaussian motional states of trapped ions},
journal = {EPL}
}

@article{affolter2023toward,
  title = {Toward improved quantum simulations and sensing with trapped two-dimensional ion crystals via parametric amplification},
  author = {Affolter, M. and Ge, W. and Bullock, B. and Burd, S. C. and Gilmore, K. A. and Lilieholm, J. F. and Carter, A. L. and Bollinger, J. J.},
  journal = {Phys. Rev. A},
  volume = {107},
  issue = {3},
  pages = {032425},
  numpages = {11},
  year = {2023},
  month = {Mar},
  publisher = {American Physical Society},
  doi = {10.1103/PhysRevA.107.032425},
  url = {https://link.aps.org/doi/10.1103/PhysRevA.107.032425}
}
@article{omalley2015qubit,
	title = {Qubit {Metrology} of {Ultralow} {Phase} {Noise} {Using} {Randomized} {Benchmarking}},
	volume = {3},
	url = {https://link.aps.org/doi/10.1103/PhysRevApplied.3.044009},
	doi = {10.1103/PhysRevApplied.3.044009},
	number = {4},
	urldate = {2025-06-06},
	journal = {Phys. Rev. Appl.},
	author = {O’Malley, P. J. J. and Kelly, J. and Barends, R. and Campbell, B. and Chen, Y. and Chen, Z. and Chiaro, B. and Dunsworth, A. and Fowler, A. G. and Hoi, I.-C. and Jeffrey, E. and Megrant, A. and Mutus, J. and Neill, C. and Quintana, C. and Roushan, P. and Sank, D. and Vainsencher, A. and Wenner, J. and White, T. C. and Korotkov, A. N. and Cleland, A. N. and Martinis, John M.},
	month = apr,
	year = {2015},
	note = {Publisher: American Physical Society},
	pages = {044009},
	file = {APS Snapshot:C\:\\Users\\webbd\\Zotero\\storage\\384IXL6H\\PhysRevApplied.3.html:text/html;Full Text PDF:C\:\\Users\\webbd\\Zotero\\storage\\GPJAVT3A\\O’Malley et al. - 2015 - Qubit Metrology of Ultralow Phase Noise Using Rand.pdf:application/pdf},
}
@article{haljan2005spin-dependent,
	title = {Spin-{Dependent} {Forces} on {Trapped} {Ions} for {Phase}-{Stable} {Quantum} {Gates} and {Entangled} {States} of {Spin} and {Motion}},
	volume = {94},
	issn = {0031-9007, 1079-7114},
	url = {https://link.aps.org/doi/10.1103/PhysRevLett.94.153602},
	doi = {10.1103/PhysRevLett.94.153602},
	language = {en},
	number = {15},
	urldate = {2024-02-05},
	journal = {Phys. Rev. Lett.},
	author = {Haljan, P. C. and Brickman, K.-A. and Deslauriers, L. and Lee, P. J. and Monroe, C.},
	month = apr,
	year = {2005},
	pages = {153602},
	file = {Haljan et al. - 2005 - Spin-Dependent Forces on Trapped Ions for Phase-St.pdf:C\:\\Users\\webbd\\Zotero\\storage\\3VGDLF3I\\Haljan et al. - 2005 - Spin-Dependent Forces on Trapped Ions for Phase-St.pdf:application/pdf},
}




